@online{AI_Sweden_theis,
  title = {AI_Sweden},
  url = {https://careers.ai.se/jobs/3182398-master-thesis-program-ai-sweden-and-partners},
  note = {Accessed: 2023-11-10}
}
@article{Systemic_Games,
  title = {Systemic Games},
  url = {https://the-artifice.com/systemic-games-philosophy},
  note = {Accessed: 2023-12-02}
}
@article{Crafter,
  title={Benchmarking the Spectrum of Agent Capabilities},
  author={Danijar Hafner},
  journal={ArXiv},
  year={2021},
  volume={abs/2109.06780},
  url={https://arxiv.org/pdf/2109.06780.pdf}
}
@article{DRL_survey,
  title={A Survey of Deep Reinforcement Learning in Video Games},
  author={Kun Shao and Zhentao Tang and Yuanheng Zhu and Nannan Li and Dongbin Zhao},
  journal={ArXiv},
  year={2019},
  volume={abs/1912.10944},
  url={https://arxiv.org/pdf/1912.10944.pdf}
}
@article{Graph_Military,
  title={Graph Neural Network Based Behavior Prediction to Support Multi-Agent Reinforcement Learning in Military Training Simulations},
  author={Lixing Liu and Nikolos Gurney and Kyle McCullough and Volkan Ustun},
  journal={2021 Winter Simulation Conference (WSC)},
  year={2021},
  pages={1-12},
  url={https://api.semanticscholar.org/CorpusID:247059572}
}
@online{Pygame,
  title = {Pygame: a set of Python modules designed for writing video games},
  url = {https://www.pygame.org/docs/},
  note = {Accessed: 2023-11-14}
}
@online{Gymnasium,
  title = {Gymnasium: API for reinforcement learning},
  url = {https://gymnasium.farama.org/index.html},
  note = {Accessed: 2023-11-14}
}
@article{graph_llm_survey,
  title={A Survey of Graph Meets Large Language Model: Progress and Future Directions},
  author={Li, Yuhan and Li, Zhixun and Wang, Peisong and Li, Jia and Sun, Xiangguo and Cheng, Hong and Yu, Jeffrey Xu},
  journal={arXiv preprint arXiv:2311.12399},
  year={2023},
  url={https://arxiv.org/pdf/2311.12399v1.pdf}
}
@inproceedings{Graph_Embedding_Priors,
  title={Graph Embedding Priors for Multi-task Deep Reinforcement Learning},
  author={Neev Parikh and Zachary Horvitz and Naveen Srinivasan and Aansh Shah and George Dimitri Konidaris},
  year={2020},
  url={http://irl.cs.brown.edu/pubs/graph_embed_deeprl_ws.pdf}
}
@article{Robust_KG_Embedding,
  title={Towards robust knowledge graph embedding via multi-task reinforcement learning},
  author={Zhang, Zhao and Zhuang, Fuzhen and Zhu, Hengshu and Li, Chao and Xiong, Hui and He, Qing and Xu, Yongjun},
  journal={IEEE Transactions on Knowledge and Data Engineering},
  year={2021},
  publisher={IEEE},
  url={https://arxiv.org/pdf/2111.06103.pdf}
}

@inproceedings{Feudal_RL,
  title={Feudal networks for hierarchical reinforcement learning},
  author={Vezhnevets, Alexander Sasha and Osindero, Simon and Schaul, Tom and Heess, Nicolas and Jaderberg, Max and Silver, David and Kavukcuoglu, Koray},
  booktitle={International Conference on Machine Learning},
  pages={3540--3549},
  year={2017},
  organization={PMLR},
  url={https://arxiv.org/pdf/1703.01161.pdf}
}
@misc{Turing_Navigation,
      title={Navigation Turing Test (NTT): Learning to Evaluate Human-Like Navigation}, 
      author={Sam Devlin and Raluca Georgescu and Ida Momennejad and Jaroslaw Rzepecki and Evelyn Zuniga and Gavin Costello and Guy Leroy and Ali Shaw and Katja Hofmann},
      year={2021},
      eprint={2105.09637},
      archivePrefix={arXiv},
      primaryClass={cs.AI},
      url={https://arxiv.org/pdf/2105.09637.pdf}
}